<record><leader>00000cas a22000007a 4500</leader><controlfield tag="001">13619258</controlfield><controlfield tag="008">860522d18891890paudn ne      0    0eng d</controlfield><datafield ind1=" " ind2=" " tag="010"><subfield code="a">sn 87078190 </subfield></datafield><datafield ind1=" " ind2=" " tag="040"><subfield code="a">NPH</subfield><subfield code="b">eng</subfield><subfield code="c">NPH</subfield><subfield code="d">NPX</subfield><subfield code="d">NPH</subfield><subfield code="d">OCLCQ</subfield></datafield><datafield ind1=" " ind2=" " tag="042"><subfield code="a">msc</subfield></datafield><datafield ind1="0" ind2="0" tag="245"><subfield code="a">Daily Shenandoah herald.</subfield></datafield><datafield ind1="1" ind2="3" tag="246"><subfield code="a">Herald</subfield></datafield><datafield ind1=" " ind2=" " tag="260"><subfield code="a">Shenandoah, Pa. :</subfield><subfield code="b">H.C. Boyer,</subfield><subfield code="c">1889-1890.</subfield></datafield><datafield ind1=" " ind2=" " tag="300"><subfield code="a">v. :</subfield><subfield code="b">ill. (chiefly advertisements) ;</subfield><subfield code="c">58 cm.</subfield></datafield><datafield ind1=" " ind2=" " tag="310"><subfield code="a">Daily (except Sun.)</subfield></datafield><datafield ind1="0" ind2=" " tag="362"><subfield code="a">Vol. 4, no. 137 (June 15, 1889)-v. 5, no. 47 (July 31, 1890).</subfield></datafield><datafield ind1=" " ind2=" " tag="752"><subfield code="a">United States</subfield><subfield code="b">Pennsylvania</subfield><subfield code="c">Schuylkill</subfield><subfield code="d">Shenandoah.</subfield></datafield><datafield ind1="0" ind2=" " tag="775"><subfield code="t">Shenandoah herald (Shenandoah, Pa. : Weekly : 1884)</subfield><subfield code="w">(DLC)sn 86081598</subfield></datafield><datafield ind1="0" ind2="0" tag="780"><subfield code="t">Daily evening herald (Shenandoah, Pa.)</subfield><subfield code="w">(DLC)sn 89077650</subfield></datafield><datafield ind1="0" ind2="0" tag="785"><subfield code="t">Shenandoah herald (Shenandoah, Pa. : Daily)</subfield><subfield code="w">(DLC)sn 89077649</subfield></datafield></record>